@Article{Bril2009,
	author="Bril, Reinder J.
	and Lukkien, Johan J.
	and Verhaegh, Wim F. J.",
	title="Worst-case response time analysis of real-time tasks under fixed-priority scheduling with deferred preemption",
	journal="Real-Time Systems",
	year="2009",
	volume="42",
	number="1",
	pages="63--119",
	abstract="Fixed-priority scheduling with deferred preemption (FPDS) has been proposed in the literature as a viable alternative to fixed-priority pre-emptive scheduling (FPPS), that obviates the need for non-trivial resource access protocols and reduces the cost of arbitrary preemptions.",
	issn="1573-1383",
	doi="10.1007/s11241-009-9071-z",
	url="http://dx.doi.org/10.1007/s11241-009-9071-z"
}

